% .bib file for use with report.tex

@online{finder,
	author = {Finder.com},
	title = {What is Ripple? A step-by-step guide to {XRP}},
	year = {2018},
	url = {https://www.finder.com/uk/ripple},
	urldate = {2019-03-21}
}

@online{topcryptocurrencies,
	author = {Jacob Bushmaker},
	title = {The Top 50 Cryptocurrencies},
	year = {2018},
	url = {https://www.investinblockchain.com/top-cryptocurrencies/},
	urldate = {2019-03-21}
}

@online{bitcoinmagazine,
	author = {Shawn Gordon},
	title = {What is Ripple?},
	year = {2018},
	url = {https://bitcoinmagazine.com/guides/what-ripple/},
	urldate = {2019-03-21}
}

@online{rippledevelopers,
	author = {Ripple Labs},
	title = {Intro to Consensus},
	year = {2013},
	url = {https://developers.ripple.com/intro-to-consensus.html},
	urldate = {2019-03-21}
}

@article{Chase,
	author    = {Brad Chase and
	Ethan MacBrough},
	title     = {Analysis of the {XRP} Ledger Consensus Protocol},
	journal   = {CoRR},
	volume    = {abs/1802.07242},
	year      = {2018},
	url       = {http://arxiv.org/abs/1802.07242},
	archivePrefix = {arXiv},
	eprint    = {1802.07242},
	timestamp = {Mon, 13 Aug 2018 16:47:54 +0200},
	biburl    = {https://dblp.org/rec/bib/journals/corr/abs-1802-07242},
	bibsource = {dblp computer science bibliography, https://dblp.org}
}

@online{cointelegraph,
	author = {cointelegraph.com},
	title = {Ripple Vs. Bitcoin: Key Differences},
	year = {2019},
	url = {https://cointelegraph.com/ripple-101/ripple-vs-bitcoin-key-differences},
	urldate = {2019-03-21}
}

@online{technicalFAQ,
	author = {Ripple Labs},
	title = {Technical FAQ},
	year = {2018},
	url = {https://developers.ripple.com/technical-faq.html},
	urldate = {2019-03-21}
}

@online{bitcoinfees,
	author = {Carlos Lizarraga},
	title = {Bitcoin Transaction Fees},
	year = {2019},
	url = {https://bitcoinfees.info/},
	urldate = {2019-03-21}
}

@online{investinblockchain,
	author = {Jorn van Zwanenburg},
	title = {What is Ripple ({XRP})?},
	year = {2018},
	url = {https://www.investinblockchain.com/what-is-ripple/},
	urldate = {2019-03-21}
}

@online{blocksplain,
	author = {Blocksplain},
	title = {Blockchain speeds \& the scalability debate},
	year = {2018},
	url = {https://blocksplain.com/2018/02/28/transaction-speeds/},
	urldate = {2019-03-21}
}

@online{ripple,
	author = {Ripple Labs},
	title = {{XRP}: The Digital Asset for Payments},
	year = {2019},
	url = {https://ripple.com/xrp/},
	urldate = {2019-03-21}
}

@online{coinmarketcap,
	author = {CoinMarketCap},
	title = {Top 100 Cryptocurrencies by Market Capitalization},
	year = {2019},
	url = {https://coinmarketcap.com},
	urldate = {2019-03-21}
}

@online{newsbtc,
	author = {Nick Chong},
	title = {Ripple {CTO} Claims {XRP} Eliminates {PoW} Risks Seen in {Ethereum Classic's} 51% Attack},
	year = {2019},
	url = {https://www.newsbtc.com/2019/01/08/ripple-xrp-eliminates-pow-risks-ethereum-classics-51-attack/},
	urldate = {2019-03-21}
}

@article{bloomberg,
	author = {Lily Katz},
	title = {Ripple Hit With Class-Action Suit Over `Never Ending {ICO}'},
	journaltitle = {Bloomberg}
	year = {2018}
}

@article{blockexplorer,
	author = {Ben Brown},
	title = {Why is Ripple in Court over {XRP}? (The Lawsuits, Explained)},
	journaltitle = {BlockExplorer News},
	year = {2018}
}